<?xml version="1.0" encoding="UTF-8"?><collection xmlns="http://www.loc.gov/MARC21/slim"><record><leader>00530nam--2200157-i-4500</leader><controlfield tag="001">000043057</controlfield><controlfield tag="002">20161230</controlfield><controlfield tag="005">20170222002740</controlfield><controlfield tag="008">060222s1000------------r-----000-0-eng-d</controlfield><datafield ind1=" " ind2=" " tag="080"><subfield code="a">614.876</subfield></datafield><datafield ind1=" " ind2=" " tag="245"><subfield code="a">Strahlenschutz der bevolkerung bei einer nuclearkatastrophe. Radiological protection on the public in a nuclear mass disaster. Protection radiologique de la population lor d`une catastrophe nucleaire</subfield></datafield><datafield ind1=" " ind2=" " tag="260"><subfield code="a">Bern</subfield><subfield code="b">Edmz</subfield><subfield code="c">1968</subfield></datafield><datafield ind1=" " ind2=" " tag="300"><subfield code="a">688 p</subfield></datafield><datafield ind1=" " ind2=" " tag="700"><subfield code="a">Pretre, S</subfield></datafield><datafield ind1=" " ind2=" " tag="852"><subfield code="a">29710</subfield></datafield><datafield ind1=" " ind2=" " tag="CAT"><subfield code="a">SYS</subfield><subfield code="c">20170222</subfield><subfield code="h">002740</subfield></datafield></record></collection>